<record><leader>00000cas a22000007a 4500</leader><controlfield tag="001">20715688</controlfield><controlfield tag="008">891130c19749999iduwr ne      0    0eng d</controlfield><datafield ind1=" " ind2=" " tag="010"><subfield code="a">sn 89055275 </subfield></datafield><datafield ind1=" " ind2=" " tag="040"><subfield code="a">NVB</subfield><subfield code="b">eng</subfield><subfield code="c">NVB</subfield><subfield code="d">OCLCQ</subfield><subfield code="d">OCLCF</subfield><subfield code="d">OCLCO</subfield></datafield><datafield ind1=" " ind2=" " tag="042"><subfield code="a">msc</subfield></datafield><datafield ind1=" " ind2=" " tag="043"><subfield code="a">n-us-id</subfield></datafield><datafield ind1="0" ind2=" " tag="130"><subfield code="a">Pioneer (Shelley, Idaho)</subfield></datafield><datafield ind1="1" ind2="4" tag="245"><subfield code="a">The pioneer.</subfield></datafield><datafield ind1="1" ind2="7" tag="246"><subfield code="a">Shelley pioneer</subfield></datafield><datafield ind1=" " ind2=" " tag="260"><subfield code="a">Shelley, Idaho :</subfield><subfield code="b">T.R. Miller</subfield></datafield><datafield ind1=" " ind2=" " tag="300"><subfield code="a">v.</subfield></datafield><datafield ind1=" " ind2=" " tag="310"><subfield code="a">Weekly</subfield></datafield><datafield ind1="0" ind2=" " tag="362"><subfield code="a">Aug. 29, 1974-</subfield></datafield><datafield ind1=" " ind2="0" tag="651"><subfield code="a">Shelley (Idaho)</subfield><subfield code="v">Newspapers.</subfield></datafield><datafield ind1=" " ind2="7" tag="655"><subfield code="a">Newspapers.</subfield><subfield code="2">fast</subfield><subfield code="0">(OCoLC)fst01423814</subfield></datafield><datafield ind1=" " ind2="7" tag="651"><subfield code="a">Idaho</subfield><subfield code="z">Shelley.</subfield><subfield code="2">fast</subfield><subfield code="0">(OCoLC)fst01221022</subfield></datafield><datafield ind1=" " ind2=" " tag="752"><subfield code="a">United States</subfield><subfield code="b">Idaho</subfield><subfield code="c">Bingham</subfield><subfield code="d">Shelley.</subfield></datafield><datafield ind1="0" ind2="0" tag="780"><subfield code="t">Shelley pioneer</subfield><subfield code="w">(DLC)sn 89055274</subfield></datafield></record>